
% local clock simulation

@article{allan1987time,
  title={Time and frequency(time-domain) characterization, estimation, and prediction of precision clocks and oscillators},
  author={Allan, David W},
  journal={IEEE transactions on ultrasonics, ferroelectrics, and frequency control},
  volume={34},
  number={6},
  pages={647--654},
  year={1987}
}

@inproceedings{ma2007understanding,
  Title={Understanding Linear Regression for Wireless Sensor Network Time Synchronization.},
  author={Ma, Liangping and Zhu, Hua and Nallamothu, Gayathri and Ryu, Bo and Howard, Heidi},
  booktitle={Proceedings of the 2007 International Conference on Wireless Networks, June 25-28, 2007, Las Vegas, Nevada, USA},
  pages={325--328},
  year={2007}
}

@inproceedings{ring2010clock,
  title={Clock synchronization simulation for wireless sensor networks},
  author={Ring, Felix and Nagy, Anetta and Gaderer, Georg and Loschmidt, Patrick},
  booktitle={Sensors, 2010 IEEE},
  pages={2022--2026},
  year={2010},
  organization={IEEE}
}
